<record><leader>00000cas a22000007a 4500</leader><controlfield tag="001">22045003</controlfield><controlfield tag="008">900717d18941896gauwr ne      0    0eng d</controlfield><datafield ind1=" " ind2=" " tag="010"><subfield code="a">sn 88054063 </subfield></datafield><datafield ind1=" " ind2=" " tag="040"><subfield code="a">NLG</subfield><subfield code="b">eng</subfield><subfield code="c">NLG</subfield><subfield code="d">OCLCQ</subfield><subfield code="d">GUA</subfield><subfield code="d">OCLCF</subfield><subfield code="d">OCLCO</subfield></datafield><datafield ind1="1" ind2=" " tag="029"><subfield code="a">AU@</subfield><subfield code="b">000041143690</subfield></datafield><datafield ind1=" " ind2=" " tag="042"><subfield code="a">msc</subfield></datafield><datafield ind1=" " ind2=" " tag="043"><subfield code="a">n-us-ga</subfield></datafield><datafield ind1="0" ind2="4" tag="245"><subfield code="a">The Toccoa times.</subfield></datafield><datafield ind1=" " ind2=" " tag="260"><subfield code="a">Toccoa, Ga. :</subfield><subfield code="b">W. AL [sic] Fowler,</subfield><subfield code="c">1894-</subfield></datafield><datafield ind1=" " ind2=" " tag="300"><subfield code="a">v.</subfield></datafield><datafield ind1=" " ind2=" " tag="310"><subfield code="a">Weekly</subfield></datafield><datafield ind1="0" ind2=" " tag="362"><subfield code="a">Vol. 3, no. 13 (Oct. 19, 1894)-</subfield></datafield><datafield ind1=" " ind2=" " tag="530"><subfield code="a">Also on microfilm: Athens, Ga. : University of Georgia Libraries.</subfield></datafield><datafield ind1=" " ind2=" " tag="580"><subfield code="a">Merged with: Toccoa news (Toccoa, Ga. : 1893), to form: Toccoa times-news.</subfield></datafield><datafield ind1=" " ind2="0" tag="651"><subfield code="a">Toccoa (Ga.)</subfield><subfield code="v">Newspapers.</subfield></datafield><datafield ind1=" " ind2="0" tag="651"><subfield code="a">Habersham County (Ga.)</subfield><subfield code="v">Newspapers.</subfield></datafield><datafield ind1=" " ind2="7" tag="655"><subfield code="a">Newspapers.</subfield><subfield code="2">fast</subfield><subfield code="0">(OCoLC)fst01423814</subfield></datafield><datafield ind1=" " ind2="7" tag="651"><subfield code="a">Georgia</subfield><subfield code="z">Habersham County.</subfield><subfield code="2">fast</subfield><subfield code="0">(OCoLC)fst01218096</subfield></datafield><datafield ind1=" " ind2="7" tag="651"><subfield code="a">Georgia</subfield><subfield code="z">Toccoa.</subfield><subfield code="2">fast</subfield><subfield code="0">(OCoLC)fst01209889</subfield></datafield><datafield ind1=" " ind2=" " tag="752"><subfield code="a">United States</subfield><subfield code="b">Georgia</subfield><subfield code="c">Habersham</subfield><subfield code="d">Toccoa.</subfield></datafield><datafield ind1="0" ind2="0" tag="780"><subfield code="t">Demorest times</subfield><subfield code="w">(DLC)sn 88054062</subfield><subfield code="w">(OCoLC)19337711</subfield></datafield><datafield ind1="1" ind2="7" tag="785"><subfield code="t">Toccoa news (Toccoa, Ga. : 1893)</subfield><subfield code="w">(DLC)sn 88054061</subfield><subfield code="w">(OcoLC)22045095</subfield></datafield><datafield ind1="1" ind2="7" tag="785"><subfield code="t">Toccoa times-news</subfield><subfield code="w">(DLC)sn 88054064</subfield><subfield code="w">(OCoLC)22045184</subfield></datafield></record>